@Book{Pliva2019DOKen,
  author    = {Zdeněk Plíva and Jindra Drábková and Jan Koprnický and \mbox{Leoš} Petržílka},
  title     = {Guidelines for Writing Bachelor or Master Thesis},
  year      = {2019},
  edition   = {2},
  publisher = {Technical University of Liberec, Faculty of Mechatronics},
  isbn      = {978-80-7494-456-7},
  doi       = {10.15240/tul/002/978-80-7494-456-7},
  url       = {https://dspace.tul.cz/handle/15240/27005},
  address   = {Liberec},
}

@Book{Pliva2019DOKcz,
  author    = {Zdeněk Plíva and Jindra Drábková and Jan Koprnický and \mbox{Leoš} Petržílka},
  title     = {Metodika zpracování bakalářských a diplomových prací},
  year      = {2019},
  edition   = {3},
  publisher = {TU v Liberci},
  isbn      = {978-80-7494-455-0},
  doi       = {10.15240/tul/002/978-80-7494-455-0},
  url       = {https://dspace.tul.cz/handle/15240/151103},
  address   = {Liberec},
}

@Online{Satrapa2022tulthesis,
  author    = {Pavel Satrapa},
  title     = {Balík tul pro LaTeX verze 2.0},
  year      = {2022},
  url       = {http://www.nti.tul.cz/~satrapa/vyuka/latex-tul/},
  address   = {Liberec},
  edition   = {verze 2.0},
  publisher = {TUL},
}

@Manual{csniso690,
  title     = {ČSN ISO 690},
  year      = {2011},
  subtitle  = {Informace a dokumentace – Pravidla pro bibliografické odkazy a citace informačních zdrojů.},
  edition   = {1},
  type      = {Standard},
  publisher = {Úřad pro technickou normalizaci, metrologii a státní zkušebnictví},
  address   = {Praha},
  pagetotal = {40},
  note = {Třídicí znak 01 0197},  
}

@Online{csniso690ZCU,
  author    = {Zdeňka Firstová},
  title     = {Podrobný návod, jak citovat literaturu a prameny, s českými příklady},
  year      = {2011},
  url       = {https://www.iso690.zcu.cz},
  urldate   = {2022-09-10},
  address   = {Plzeň},
  journal   = {Nová citační norma ČSN ISO 690:2011 - Bibliografické citace},
  publisher = {ZČU},
}

@Online{webMendeley,
  author  = {Mendeley},
  title   = {Mendeley - Reference Management Software \& Researcher Network},
  year    = {2022},
  url     = {https://www.mendeley.com/},
  urldate   = {2022-09-10},
}

@Online{webEndNote,
  author     = {{Clarivate}},
  title      = {{EndNote}},
  year       = {2022},
  url        = {https://endnote.com/},
  titleaddon = {{EndNote}},
  urldate   = {2022-09-10},
  abstract   = {{EndNote} is the industry standard software tool for publishing and managing bibliographies, citations and references on the Windows and Macintosh desktop.},
}

@Online{webZotero,
  author  = {Zotero},
  title   = {Zotero {\textbar} Your personal research assistant},
  year    = {2022},
  url     = {https://www.zotero.org/},
  urldate   = {2022-09-10},
}

@Online{webCitaceCOM,
  author  = {CItace.pro},
  title   = {Citace {PRO}},
  year    = {2022},
  url     = {http://citacepro.com/},
  urldate   = {2022-09-10},
}

@Online{webJabRef,
  author  = {JabRef},
  title   = {JabRef},
  year    = {2022},
  url     = {http://www.jabref.org},
  urldate   = {2022-09-10},
}

@Online{webBiblatex-ISO690,
  author = {Michal Hoftich},
  title = {biblatex-iso690 – Bib\LaTeX style for ISO 690 standard},
  url = {https://ctan.org/pkg/biblatex-iso690},
  urldate   = {2022-09-10},
}

@online{Satrapa2011LatexPragmatiky,
  author        = {Satrapa, Pavel},
  title         = {LaTeX pro pragmatiky},
  year          = {2011},
  url           = {http://www.nti.tul.cz/~satrapa/docs/latex/},
  publisher     = {TUL a CESNET},
}